<record><leader>00000cas a22000007a 4500</leader><controlfield tag="001">23188023</controlfield><controlfield tag="008">910305d19411951arudn ne      0    0eng d</controlfield><datafield ind1=" " ind2=" " tag="010"><subfield code="a">sn 91050007 </subfield></datafield><datafield ind1=" " ind2=" " tag="040"><subfield code="a">ANU</subfield><subfield code="b">eng</subfield><subfield code="c">ANU</subfield><subfield code="d">OCLCQ</subfield><subfield code="d">OCLCF</subfield><subfield code="d">OCLCO</subfield></datafield><datafield ind1="1" ind2=" " tag="029"><subfield code="a">AU@</subfield><subfield code="b">000025854982</subfield></datafield><datafield ind1=" " ind2=" " tag="042"><subfield code="a">msc</subfield></datafield><datafield ind1=" " ind2=" " tag="043"><subfield code="a">n-us-ar</subfield></datafield><datafield ind1="0" ind2="4" tag="245"><subfield code="a">The Hope journal.</subfield></datafield><datafield ind1=" " ind2=" " tag="260"><subfield code="a">Hope, Ark. :</subfield><subfield code="b">Hope Journal</subfield></datafield><datafield ind1=" " ind2=" " tag="300"><subfield code="a">v.</subfield></datafield><datafield ind1=" " ind2=" " tag="310"><subfield code="a">Daily (except Saturday),</subfield><subfield code="b">May 26, 1946-1951</subfield></datafield><datafield ind1=" " ind2=" " tag="321"><subfield code="a">Semiweekly,</subfield><subfield code="b">May 14-Aug. 8, 1941</subfield></datafield><datafield ind1=" " ind2=" " tag="321"><subfield code="a">Daily (except Sunday and Monday),</subfield><subfield code="b">Aug. 13, 1941-Apr. 3, 1943</subfield></datafield><datafield ind1=" " ind2=" " tag="321"><subfield code="a">Daily (except Saturday and Sunday),</subfield><subfield code="b">Apr. 5, 1943-May 24, 1946</subfield></datafield><datafield ind1="0" ind2=" " tag="362"><subfield code="a">Vol. 2, no. 1 (May 14, 1941)-</subfield></datafield><datafield ind1="1" ind2=" " tag="362"><subfield code="a">Ceased July 11, 1951.</subfield></datafield><datafield ind1=" " ind2="0" tag="651"><subfield code="a">Hope (Ark.)</subfield><subfield code="v">Newspapers.</subfield></datafield><datafield ind1=" " ind2="7" tag="655"><subfield code="a">Newspapers.</subfield><subfield code="2">fast</subfield><subfield code="0">(OCoLC)fst01423814</subfield></datafield><datafield ind1=" " ind2="7" tag="651"><subfield code="a">Arkansas</subfield><subfield code="z">Hope.</subfield><subfield code="2">fast</subfield><subfield code="0">(OCoLC)fst01214378</subfield></datafield><datafield ind1=" " ind2=" " tag="752"><subfield code="a">United States</subfield><subfield code="b">Arkansas</subfield><subfield code="c">Hempstead</subfield><subfield code="d">Hope.</subfield></datafield><datafield ind1="0" ind2="1" tag="780"><subfield code="t">Journal-telegraph (Hope, Ark.)</subfield><subfield code="w">(DLC)sn 89051254</subfield></datafield><datafield ind1="0" ind2="4" tag="785"><subfield code="t">Hope star (Hope, Ark.)</subfield><subfield code="w">(DLC)sn 91050009</subfield></datafield></record>